<record><leader>00000cas a2200000 a 4500</leader><controlfield tag="001">8807796</controlfield><controlfield tag="008">820925c19219999inudn ne      0    0eng  </controlfield><datafield ind1=" " ind2=" " tag="010"><subfield code="a">sn 82015310 </subfield></datafield><datafield ind1=" " ind2=" " tag="040"><subfield code="a">DLC</subfield><subfield code="b">eng</subfield><subfield code="c">DLC</subfield><subfield code="d">NPI</subfield><subfield code="d">OCL</subfield><subfield code="d">NPI</subfield><subfield code="d">DLC</subfield><subfield code="d">NPI</subfield><subfield code="d">DLC</subfield><subfield code="d">OCLCQ</subfield><subfield code="d">NPI</subfield><subfield code="d">OCLCO</subfield><subfield code="d">OCLCQ</subfield><subfield code="d">OCLCF</subfield></datafield><datafield ind1=" " ind2=" " tag="019"><subfield code="a">9244653</subfield></datafield><datafield ind1="1" ind2=" " tag="029"><subfield code="a">AU@</subfield><subfield code="b">000020394153</subfield></datafield><datafield ind1=" " ind2=" " tag="042"><subfield code="a">pcc</subfield></datafield><datafield ind1=" " ind2=" " tag="043"><subfield code="a">n-us-in</subfield></datafield><datafield ind1="0" ind2="0" tag="050"><subfield code="a">Newspaper</subfield></datafield><datafield ind1="0" ind2=" " tag="130"><subfield code="a">News and sentinel (Fort Wayne, Ind.)</subfield></datafield><datafield ind1="1" ind2="4" tag="245"><subfield code="a">The news and sentinel.</subfield></datafield><datafield ind1="3" ind2="0" tag="246"><subfield code="a">News-sentinel</subfield></datafield><datafield ind1="3" ind2="0" tag="246"><subfield code="a">Sunday news and sentinel</subfield></datafield><datafield ind1="3" ind2="0" tag="246"><subfield code="a">Sunday news sentinel</subfield></datafield><datafield ind1=" " ind2=" " tag="260"><subfield code="a">Fort Wayne, Ind. :</subfield><subfield code="b">News Pub. Co.,</subfield><subfield code="c">1921-</subfield></datafield><datafield ind1=" " ind2=" " tag="300"><subfield code="a">v. :</subfield><subfield code="b">ill. ;</subfield><subfield code="c">59 cm.</subfield></datafield><datafield ind1=" " ind2=" " tag="310"><subfield code="a">Daily (except Sun.)</subfield></datafield><datafield ind1=" " ind2=" " tag="321"><subfield code="a">Daily,</subfield><subfield code="b">June 2-19, 1921</subfield></datafield><datafield ind1="0" ind2=" " tag="362"><subfield code="a">June 2, 1921-</subfield></datafield><datafield ind1=" " ind2=" " tag="500"><subfield code="a">"Independent Republican."</subfield></datafield><datafield ind1=" " ind2=" " tag="500"><subfield code="a">Published as: The News sentinel, June 6-19, 1921; and: The News-sentinel, June 20, 1921-</subfield></datafield><datafield ind1=" " ind2=" " tag="500"><subfield code="a">On Sunday published as: Sunday news and sentinel, June 5, 1921; and: Sunday news sentinel, June 12-19, 1921.</subfield></datafield><datafield ind1=" " ind2=" " tag="588"><subfield code="a">Latest issue consulted: 167th year, no. 103 (Apr. 29, 2000).</subfield></datafield><datafield ind1=" " ind2="0" tag="651"><subfield code="a">Fort Wayne (Ind.)</subfield><subfield code="v">Newspapers.</subfield></datafield><datafield ind1=" " ind2="7" tag="655"><subfield code="a">Newspapers.</subfield><subfield code="2">fast</subfield><subfield code="0">(OCoLC)fst01423814</subfield></datafield><datafield ind1=" " ind2="7" tag="651"><subfield code="a">Indiana</subfield><subfield code="z">Fort Wayne.</subfield><subfield code="2">fast</subfield><subfield code="0">(OCoLC)fst01204891</subfield></datafield><datafield ind1=" " ind2=" " tag="752"><subfield code="a">United States</subfield><subfield code="b">Indiana</subfield><subfield code="c">Allen</subfield><subfield code="d">Fort Wayne.</subfield></datafield><datafield ind1="0" ind2="0" tag="780"><subfield code="t">Fort Wayne news and sentinel</subfield><subfield code="w">(DLC)sn 85038028</subfield></datafield></record>